<?xml version="1.0" encoding="UTF-8"?><collection xmlns="http://www.loc.gov/MARC21/slim"><record><leader>00395nam--2200145-i-4500</leader><controlfield tag="001">000021230</controlfield><controlfield tag="002">20161230</controlfield><controlfield tag="005">20161230201034</controlfield><controlfield tag="008">060222s1000------------r-----000-0-eng-d</controlfield><datafield ind1=" " ind2=" " tag="080"><subfield code="a">51.73:530.1</subfield></datafield><datafield ind1=" " ind2=" " tag="100"><subfield code="a">Houston, William V</subfield></datafield><datafield ind1=" " ind2=" " tag="245"><subfield code="a">Principles of mathematical physics</subfield></datafield><datafield ind1=" " ind2=" " tag="260"><subfield code="a">New York, Mcgraw Hill, 1948. Xii + 363p</subfield></datafield><datafield ind1=" " ind2=" " tag="490"><subfield code="a">Int.Series In Pure And Applied Physics</subfield></datafield><datafield ind1=" " ind2=" " tag="852"><subfield code="a">1713</subfield></datafield></record></collection>